<record><leader>00000cas a22000007a 4500</leader><controlfield tag="001">34189136</controlfield><controlfield tag="008">960214c192u9999ncuwr ne      0    0eng d</controlfield><datafield ind1=" " ind2=" " tag="010"><subfield code="a">sn 96086000 </subfield></datafield><datafield ind1=" " ind2=" " tag="040"><subfield code="a">NVJ</subfield><subfield code="b">eng</subfield><subfield code="c">NVJ</subfield><subfield code="d">OCLCQ</subfield><subfield code="d">OCLCF</subfield><subfield code="d">OCLCO</subfield></datafield><datafield ind1="1" ind2=" " tag="029"><subfield code="a">AU@</subfield><subfield code="b">000025919555</subfield></datafield><datafield ind1=" " ind2=" " tag="042"><subfield code="a">msc</subfield></datafield><datafield ind1=" " ind2=" " tag="043"><subfield code="a">n-us-nc</subfield></datafield><datafield ind1="0" ind2=" " tag="130"><subfield code="a">Mount Holly news (Mount Holly, N.C.)</subfield></datafield><datafield ind1="1" ind2="0" tag="245"><subfield code="a">Mount Holly news.</subfield></datafield><datafield ind1="3" ind2="0" tag="246"><subfield code="a">Banner news</subfield><subfield code="f">Oct. 4, 1995-Mar. 6, 1996</subfield></datafield><datafield ind1="1" ind2="7" tag="246"><subfield code="a">Belmont banner-Mount Holly news</subfield></datafield><datafield ind1=" " ind2=" " tag="260"><subfield code="a">Mount Holly, N.C. :</subfield><subfield code="b">B. Arp Lowrance</subfield></datafield><datafield ind1=" " ind2=" " tag="300"><subfield code="a">v.</subfield></datafield><datafield ind1=" " ind2=" " tag="310"><subfield code="a">Weekly</subfield></datafield><datafield ind1=" " ind2=" " tag="500"><subfield code="a">Section B of &lt;Oct. 12, 1979-Aug. 15, 1990&gt; issues has the running title: The Belmont banner-Mount Holly news.</subfield></datafield><datafield ind1=" " ind2=" " tag="500"><subfield code="a">Merged briefly with Belmont banner to form the Banner news, Oct. 4, 1995-Mar. 6, 1996.</subfield></datafield><datafield ind1=" " ind2=" " tag="588"><subfield code="a">Description based on: Vol. 5, no. 40 (Oct. 11, 1928).</subfield></datafield><datafield ind1=" " ind2="0" tag="651"><subfield code="a">Mount Holly (N.C.)</subfield><subfield code="v">Newspapers.</subfield></datafield><datafield ind1=" " ind2="0" tag="651"><subfield code="a">Gaston County (N.C.)</subfield><subfield code="v">Newspapers.</subfield></datafield><datafield ind1=" " ind2="7" tag="655"><subfield code="a">Newspapers.</subfield><subfield code="2">fast</subfield><subfield code="0">(OCoLC)fst01423814</subfield></datafield><datafield ind1=" " ind2="7" tag="651"><subfield code="a">North Carolina</subfield><subfield code="z">Gaston County.</subfield><subfield code="2">fast</subfield><subfield code="0">(OCoLC)fst01247195</subfield></datafield><datafield ind1=" " ind2="7" tag="651"><subfield code="a">North Carolina</subfield><subfield code="z">Mount Holly.</subfield><subfield code="2">fast</subfield><subfield code="0">(OCoLC)fst01220281</subfield></datafield><datafield ind1=" " ind2=" " tag="752"><subfield code="a">United States</subfield><subfield code="b">North Carolina</subfield><subfield code="c">Gaston</subfield><subfield code="d">Mount Holly.</subfield></datafield><datafield ind1=" " ind2=" " tag="752"><subfield code="a">United States</subfield><subfield code="b">North Carolina</subfield><subfield code="c">Gaston</subfield><subfield code="d">Belmont.</subfield></datafield></record>